<?xml version="1.0" encoding="UTF-8"?><collection xmlns="http://www.loc.gov/MARC21/slim"><record><leader>00484nam--2200169-i-4500</leader><controlfield tag="001">000042862</controlfield><controlfield tag="002">20161230</controlfield><controlfield tag="005">20161230201043</controlfield><controlfield tag="008">060222s1000------------r-----000-0-eng-d</controlfield><datafield ind1=" " ind2=" " tag="040"><subfield code="a">IFIN-HH</subfield></datafield><datafield ind1=" " ind2=" " tag="080"><subfield code="a">535</subfield></datafield><datafield ind1="1" ind2=" " tag="100"><subfield code="a">Stephens,Ronald Lee</subfield></datafield><datafield ind1="1" ind2="0" tag="245"><subfield code="a">Investifations of non-linear optical effects in organic liquids</subfield><subfield code="c">Ronald lee stephens</subfield></datafield><datafield ind1=" " ind2=" " tag="260"><subfield code="a">An Arbor</subfield><subfield code="b">Michigan,University Microfilms</subfield><subfield code="c">1968</subfield></datafield><datafield ind1=" " ind2=" " tag="300"><subfield code="a">X + 151 P</subfield></datafield><datafield ind1=" " ind2=" " tag="852"><subfield code="a">36019</subfield><subfield code="c">535</subfield></datafield><datafield ind1=" " ind2=" " tag="CAT"><subfield code="a">Sys</subfield><subfield code="c">20101101</subfield><subfield code="h">154827</subfield></datafield></record></collection>